%%% YEAH BUDDY, GEORGE HAS SOME BIBLIOGRAPHY! %%%

@misc{gartner2013marketshare,
	author = {Gartner},
	title = {Market Share Analysis: Mobile Phones, Worldwide, 2Q13.},
	year = {2013},
	note = {[Online; accessed 15-March-2014 at \url{http://www.gartner.com/newsroom/id/2573415}]}
	}

@misc{android2014sp,
	author = {Android},
	title = {Shared Preferences: Class Overview},
	year = {2014},
	note = {[Online; accessed 15-April-2014 at \url{http://developer.android.com/reference/android/content/SharedPreferences.html}]}
	}


@misc{samsungphone,
	author ={Campbell, Brandon},
	institution = {Zander.com}, 
	title = {Samsung Galaxy Express 4G Android Phone},
	year = {2013},
	note = {[Online; accessed 1-March-2014 at \url{http://www.zanda.com/items/things/73070910000010/samsung-galaxy-express-4g-android-smart-phone}]}
	}


@book{lee2011beg,
    author    = {Lee, Wei-Meng},
    title     = {Beginning Android application development},
    year      = {2011},
    publisher = {Indianapolis, Ind. : Wiley},}

@book{knudsen2011beg,
    author    = {Niemeyer, Patrick and Knudsen, Jonathan},
    title     = {Learning Java},
    year      = {2005},
    edition   = {3},
    publisher = {Sebastapol, Inc : O'Reilly Media},}