%Sachin%

@misc{,
  author = "NHS",
  title  = "Sleep apnoea - Diagnosis",
  month  = "June",
  year   = "2012",
  url    = "http://www.nhs.uk/Conditions/Sleep-apnoea/Pages/Diagnosis.aspx"
}

@misc{,
  author = "NHS",
  title  = "Sleep Apnoea",
  month  = "June",
  year   = "2014",
  url    = "http://www.nhs.uk/conditions/Sleep-apnoea/Pages/Introduction.aspx"
}

@misc{,
  author = "eMarketer.com",
  title  = "Smartphone Users Worldwide Will Total 1.75 Billion",
  month  = "January",
  year   = "2014",
  url    = "http://www.emarketer.com/Article/Smartphone-Users-Worldwide-Will-Total-175-Billion-2014/1010536"
}

@misc{,
  author = "Wall Street Journal",
  title  = "A Test for Sleep Apnea From Your Own Bedroom",
  month  = "May",
  year   = "2013",
  url    = "http://online.wsj.com/news/articles/SB10001424127887324715704578480883962087110"
}

@misc{,
  author = "NPR",
  title  = "Apps For Apnea? New Gadgets Promise To Improve Sleep",
  month  = "February",
  year   = "2012",
  url    = "http://www.npr.org/blogs/alltechconsidered/2012/02/13/146711356/apps-for-apnea-new-gadgets-promise-to-improve-sleep"
}

@misc{,
  author = "Novasom",
  title  = "Economics of Home Sleep Testing",
  year   = "2014",
  url    = "http://www.novasom.com/why-a-home-sleep-test/economics-of-home-sleep-testing/"
}

@misc{,
  author = "Novasom",
  title  = "Why Accusom?",
  year   = "2014",
  url    = "http://www.novasom.com/why-accusom/"
}

@misc{,
  author = "The Economic Times",
  title  = "Xerox, Manipal to develop non-contact diagnostics solutions",
  month  = "February",
  year   = "2014",
  url    = "http://articles.economictimes.indiatimes.com/2014-02-07/news/47126649_1_heart-rate-xrci-diagnostics"
}

@misc{,
  author = "MedIndia",
  title  = "Manipal University and Xerox Innovation to Test Remote-Sensing Healthcare Technologies",
  month  = "February",
  year   = "2014",
  url    = "http://www.medindia.net/news/manipal-university-and-xerox-innovation-group-to-test-remote-sensing-healthcare-technologies-131546-1.htm"
}

@article{,
  author  = "Peter Groves, Basel Kayyali, David Knott, Steve Van Kuiken",
  title   = "The 'Big Data' Revolution in Health care",
  journal = "McKinsey \& Company",
  year    = "2013"
}

