%%% Sophie %%%
@misc{wiki:machineLearning,
	author = {Wikipedia},
	title = {Machine Learning --- {W}ikipedia{,} The Free Encyclopedia},
	year = {2014},
	url = {\url{http://en.wikipedia.org/wiki/Machine_learning}},
	note = {[Online; accessed 18-March-2014]}
}
 

@article{ghahramani2000variational,
	title={Variational learning for switching state-space models},
	author={Ghahramani, Zoubin and Hinton, Geoffrey E},
	journal={Neural computation},
	volume={12},
	number={4},
	pages={831--864},
	year={2000},
	publisher={MIT Press}
}

@book{hlt,
	title={Engineering Tables and Data},
	author={Howatson, A.M. and Lund, P.G. and Todd, J.D. and McFadden, P.D. and Smith, P.J.P. and University of Oxford. Department of Engineering Science},
	url={http://books.google.sk/books?id=FeNNPgAACAAJ},
	year={2008},
	publisher={University of Oxford, Department of Engineering Science}
}
