%%% Tuan Anh %%%
@misc{wiki:machineLearning,
	author = {Wikipedia},
	title = {Machine Learning --- {W}ikipedia{,} The Free Encyclopedia},
	year = {2014},
	note = {[Online; accessed 18-March-2014 at \url{http://en.wikipedia.org/wiki/Machine_learning}]}
}
 
@misc{wiki:HMM,
	author = {Wikipedia},
	title = {Hidden Markov model --- {W}ikipedia{,} The Free Encyclopedia},
	year = {2014},
	note = {[Online; accessed 24-March-2014 at \url{http://en.wikipedia.org/wiki/Hidden_Markov_model}]}
}
 
 @misc{wiki:EM,
	author = {Wikipedia},
	title = {Expectation-maximization algorithm --- {W}ikipedia{,} The Free Encyclopedia},
	year = {2014},
	note = {[Online; accessed 25-March-2014 at \url{http://en.wikipedia.org/wiki/Expectation-maximization_algorithm}]}
}
 
 @misc{wiki:DFT,
	author = {Wikipedia},
	title = {Discrete Fourier transform --- {W}ikipedia{,} The Free Encyclopedia},
	year = {2014},
	note = {[Online; accessed 28-March-2014 at \url{http://en.wikipedia.org/wiki/Discrete_Fourier_transform}]}
}

@misc{wiki:PSD,
	author = {Wikipedia},
	title = {Spectral density --- {W}ikipedia{,} The Free Encyclopedia},
	year = {2014},
	note = {[Online; accessed 14-April-2014 at \url{http://en.wikipedia.org/wiki/Spectral_density}]}
}
 
@misc{ng13,
	author = {Ng, Andrew},
	institution = {Stanford University},
	howpublished = {Course website},
	year = {2013},
	title = {CS229 - Lecture notes},
	note = {\url{http://cs229.stanford.edu/materials.html}}
}

@misc{ramage07,
	author = "Ramage, Daniel",
	institution = "Stanford University",
	howpublished = "Course website",
	year = "2007",
	title = "CS229 - Section notes",
	note = "\url{http://cs229.stanford.edu/materials.html}"
}

@book{mlBook,
	title = {Machine learning: a probabilistic perspective},
	author = {Kevin P Murphy},
	year = 2012,
	address = {Cambridge, MA}
}

@article{ghahramani2000variational,
	title={Variational learning for switching state-space models},
	author={Ghahramani, Zoubin and Hinton, Geoffrey E},
	journal={Neural computation},
	volume={12},
	number={4},
	pages={831--864},
	year={2000},
	publisher={MIT Press}
}

@article{rabiner1989tutorial,
	title={A tutorial on hidden Markov models and selected applications in speech recognition},
	author={Rabiner, Lawrence},
	journal={Proceedings of the IEEE},
	volume={77},
	number={2},
	pages={257--286},
	year={1989},
	publisher={IEEE}
}

@book{hlt,
	title = {Engineering Tables and Data},
	author = {Howatson, A.M. and Lund, P.G. and Todd, J.D. and McFadden, P.D. and Smith, P.J.P. and University of Oxford. Department of Engineering Science},
	note = {\url{http://books.google.sk/books?id=FeNNPgAACAAJ}},
	year = {2008},
	publisher = {University of Oxford, Department of Engineering Science}
}

@misc{jahmm,
  author       = "Jean-Marc Fran√ßois",
  title        = "{jahmm}: An implementation of Hidden Markov Models in Java",
  howpublished = "\url{https://code.google.com/p/jahmm/}",
  year         = "2006"
}

@misc{la4j,
  author       = "Vladimir Kostyukov",
  title        = "{la4j}: Linear Algebra for Java",
  howpublished = "\url{http://la4j.org/}",
  year         = "2011-2013"
}

@misc{musicg,
  author       = "Jacquet Wong",
  title        = "{musicg}: Lightweight Java API for audio analysing",
  howpublished = "\url{https://code.google.com/p/musicg/}",
  year         = "2014"
}